<record>
  <leader>04084nem a2200265 a 4500</leader>
  <controlfield tag="001">991000097239702696</controlfield>
  <controlfield tag="005">20170608080304.0</controlfield>
  <controlfield tag="008">051118s1931    xx        b   001   eng u</controlfield>
  <datafield tag="035" ind1=" " ind2=" ">
    <subfield code="a">(IL-JeALB)10325-972ai_inst</subfield>
  </datafield>
  <datafield tag="035" ind1=" " ind2=" ">
    <subfield code="a">10325</subfield>
    <subfield code="9">ExL</subfield>
  </datafield>
  <datafield tag="035" ind1=" " ind2=" ">
    <subfield code="a">map00000132</subfield>
  </datafield>
  <datafield tag="110" ind1="1" ind2=" ">
    <subfield code="a">Survey of Palestine</subfield>
  </datafield>
  <datafield tag="245" ind1="1" ind2="0">
    <subfield code="a">Palestine 1:20,000.</subfield>
    <subfield code="h">[map]</subfield>
  </datafield>
  <datafield tag="255" ind1=" " ind2=" ">
    <subfield code="a">Scale 1:20,000.</subfield>
  </datafield>
  <datafield tag="260" ind1=" " ind2=" ">
    <subfield code="a">Jaffa :</subfield>
    <subfield code="b">Survey of Palestine,</subfield>
    <subfield code="c">1931-1947.</subfield>
  </datafield>
  <datafield tag="300" ind1=" " ind2=" ">
    <subfield code="a">1 map on 151 sheets, bound in 2 vol. ;</subfield>
    <subfield code="c">70 x 75 cm. or smaller.</subfield>
  </datafield>
  <datafield tag="500" ind1=" " ind2=" ">
    <subfield code="a">With an index map: Palestine 1:250,000 in two sheets. Sheet 1 in vol. 2, sheet 2 in vol. 1.</subfield>
  </datafield>
  <datafield tag="505" ind1="0" ind2=" ">
    <subfield code="a">Sheets: VOL. 1: 7-7 Rafah -- 8-7 Kh El Adas -- 7-8 Tall Rafah -- 8-8 Khan Yunis -- 9-8 Abasan -- 10/8 El 'Imara -- 11/8 Esh Sharia -- 12/8 Kh Umm El Baqar -- 8-9 Deir El Balah -- 9-9 Wadi Ghazza + another copy -- 10-9 Khirbet el Mashrafa + another copy -- 11-9 Kaufakha -- 12/9 Tell El Muleiha -- 9-10 Gaza + another copy -- 10-10 Beit Hanun -- 11-10 Bureir -- 12/10 Jammama -- 14/10 Ed Dawayima -- 15/10 Hebron West -- 16/10 Hebron East -- 10-12,10-11 Ascalon -- 12-11 El Faluje -- 15/11 Surif -- 16-11 Beit Fajjar -- 17-11 Tel Hordos -- 18-11,19-11 Ein Et Turaba -- 11-12 Hamame -- 12-12 El Mesmiye El Kbire -- 13/12 Tell Es Safi -- 14/12 Bureij -- 14/12 Deir Esh Sheikh -- 16/12 Bethlehem -- 17-12 Talpiyot -- 18-12 Deir Mar Saba -- 19-12 Ras Fashkha -- 11-13 'Arab Sukreir -- 12-13 El Maghar -- 13-13 Qezaze -- 14-13 Latrun -- 15-13 Bab El Wad -- 16-13 Ein Karim -- 17-13 Jerusalem -- 18-13 Wadi El Qilt -- 19-13 Kallia -- 20-13 Sweime -- 11-14,12-14 Yibna -- 13-14 Er Ramle -- 14-14 El Qubab -- 15-14 Beit Sira -- 16-14 Ramallah -- 17-14 El Bira -- 18-14 Wadi El Makkuk -- 19-14 Jericho -- 20-14 Esh Shune -- 12-15 Maqve Yisrael -- 13-15 Beit Dajan -- 14-15 Lydda -- 15-15 Abud -- 16-15 Birzeit -- 17-15 Silwad -- 18-15 El Mughaiyir -- 19-15 Wadi El Mallaha -- 20-15 Kebed -- 12-16 Jaffa -- 13-16 Petah Tiqva -- 14-16 Majdal Yaba -- 15-16 Biddya -- 16-16 Salfit -- 17-16 Qubalan -- 18-16 Qusra -- 19-16 Qarn Sartaba -- 20-16 Sheqaq -- 11-11 El Majdal.</subfield>
  </datafield>
  <datafield tag="505" ind1="0" ind2=" ">
    <subfield code="a">- VOL. 2: 13-17 Herzliya -- 14-17 Qalqilye -- 15-17 Azzun -- 16-17 Jinsafut -- 17-17 Awarta -- 18-17 Aqraba -- 19-17 Wadi El Fari'a -- 20/17 Obeide -- 13/18 Birkat Ramadan -- 14-18 Et Tire -- 15-18 Et Taiyiba -- 16-18 Sabastiya -- 17-18 Nablus -- 18-18 Tammun -- 19-18 Kh Es Samra -- 20/18 Kereime -- 14-21 Caesarea -- 15-21 Kafr Qari -- 16-21 Umm El Fahm -- 17-21 Silat El Harithiya -- 18-21 Ein Harod -- 19-21 Beisan -- 20-21 Jisr Esh Sh Husein -- 13-20 Minet Abu Sabura -- 14-20 Hadera -- 15-20 Baqa El Gharbiya -- 16-20 Ya'bad -- 17-20 Jenin -- 18-20 Beit Qad -- 19-20 Es Samiriya -- 20-20 Es Safa -- 13-19 Natanya -- 14-19 Qaqun -- 15-19 Tulkarm -- 16-19 Anabta -- 17-19 Jaba -- 18-19 Tubas -- 19-19, 20-19 Bardala composite -- 14-22 Ijzim -- 15-22 Umm Ez Zinat -- 16-22 Megiddo -- 17-22 Afula -- 18-22 Indur -- 19-22 Sirin -- 20-22 Jisr El majami -- 14-23 'Atlit + a duplicate -- 15-23 Daliyat El Karmil -- 16-23 Nahalal -- 17-23 Nazareth -- 18-23 Mt Tabor -- 19-23 Kafr Kama -- 20-23, 21-23 Samakh composite -- 14-24 Carmel -- 15-24 Haifa -- 14-24, 15-24 Haifa Composite -- 16-24 Shafa 'Amr -- 17-24 Kafr Manda -- 18-24 Turan -- 19-24, 20-24 Tiberias -- 20-24, 21-24 Ein Gev -- 15-25 Acre -- 15-25, 16-25 Acre Composite -- 17-25 Majd El Kurum -- 18-25 Maghar -- 19-25 Esh Shuna -- 20-25, 21-25 Et Tabigha -- 15-26, 16-26 Nahraiya Composite -- 17-26 Tarshiha -- 18-26 Beit Jann -- 19-26 Safad -- 20-26 Rosh Pinna -- 16-27 El Bassa -- 17-27 Tarbikha -- 18-27 Sa'sa' -- 19-27 Alma -- 20-27, 21-17 Lake Hula -- 20-28, 21-28 Es Salihiya Composite -- 20-29, 21-29 Metulla Composite.</subfield>
  </datafield>
  <datafield tag="506" ind1=" " ind2=" ">
    <subfield code="a">Will require conservation work before use.</subfield>
  </datafield>
  <datafield tag="651" ind1=" " ind2="0">
    <subfield code="a">Asia</subfield>
    <subfield code="z">Middle East</subfield>
    <subfield code="z">Palestine</subfield>
    <subfield code="v">Maps.</subfield>
  </datafield>
  <datafield tag="856" ind1=" " ind2=" ">
    <subfield code="z">Digital version from the Eran Laor Map Collection, at the National Library of Israel website:</subfield>
    <subfield code="u">http://rosetta.nli.org.il/delivery/DeliveryManagerServlet?dps_pid=IE21693218</subfield>
  </datafield>
  <datafield tag="913" ind1=" " ind2=" ">
    <subfield code="1">144</subfield>
    <subfield code="2">Publisher</subfield>
    <subfield code="5">Uncertain</subfield>
    <subfield code="6">Full</subfield>
  </datafield>
  <datafield tag="949" ind1=" " ind2=" ">
    <subfield code="a">Maps - Open Shelf Cabinet 41 &amp; 42</subfield>
  </datafield>
  <datafield tag="999" ind1=" " ind2=" ">
    <subfield code="a">MAP</subfield>
  </datafield>
</record>
